<?xml version="1.0" encoding="UTF-8"?><collection xmlns="http://www.loc.gov/MARC21/slim"><record><leader>00571nam--2200169-i-4500</leader><controlfield tag="001">000049191</controlfield><controlfield tag="002">20161230</controlfield><controlfield tag="005">20161230201047</controlfield><controlfield tag="008">060222s1000------------r-----000-0-eng-d</controlfield><datafield ind1=" " ind2=" " tag="040"><subfield code="a">IFIN-HH</subfield></datafield><datafield ind1=" " ind2=" " tag="080"><subfield code="a">538.971(061.3)</subfield></datafield><datafield ind1="1" ind2=" " tag="110"><subfield code="a">Department Of Atomic Energy, Government Of India</subfield></datafield><datafield ind1="1" ind2="0" tag="245"><subfield code="a">Proceedings of the symposium on surface and interface properties in materials science</subfield><subfield code="b">University of roorkee, roorkee, october 13-15, 1980</subfield></datafield><datafield ind1=" " ind2=" " tag="260"><subfield code="a">Roorkee</subfield><subfield code="b">University Of Roorkee</subfield><subfield code="c">1980</subfield></datafield><datafield ind1=" " ind2=" " tag="300"><subfield code="a">VII + 381P</subfield></datafield><datafield ind1=" " ind2=" " tag="852"><subfield code="a">70172</subfield><subfield code="c">539.2</subfield></datafield><datafield ind1=" " ind2=" " tag="CAT"><subfield code="a">Sys</subfield><subfield code="c">20121105</subfield><subfield code="h">120456</subfield></datafield></record></collection>